%% H/T to: https://www.doi2bib.org
@article{Schulz2009,
  doi = {10.1016/j.cagd.2007.12.006},
  url = {https://doi.org/10.1016/j.cagd.2007.12.006},
  year = {2009},
  month = {Jan},
  publisher = {Elsevier {BV}},
  volume = {26},
  number = {1},
  pages = {61--74},
  author = {Christian Schulz},
  title = {B{\'{e}}zier clipping is quadratically convergent},
  journal = {Computer Aided Geometric Design}
}
@article{Farouki1987,
  doi = {10.1016/0167-8396(87)90012-4},
  url = {https://dx.doi.org/10.1016/0167-8396(87)90012-4},
  year = {1987},
  month = {Nov},
  publisher = {Elsevier {BV}},
  volume = {4},
  number = {3},
  pages = {191--216},
  author = {R.T. Farouki and V.T. Rajan},
  title = {{On the numerical condition of polynomials in Bernstein form}},
  journal = {Computer Aided Geometric Design}
}
@book{Higham2002,
  doi = {10.1137/1.9780898718027},
  url = {https://doi.org/10.1137/1.9780898718027},
  year = {2002},
  month = {Jan},
  publisher = {Society for Industrial and Applied Mathematics},
  author = {Nicholas J. Higham},
  title = {{Accuracy and Stability of Numerical Algorithms}}
}
@article{Kim1998,
  doi = {10.1016/s0010-4485(98)00052-9},
  url = {https://dx.doi.org/10.1016/S0010-4485(98)00052-9},
  year = {1998},
  month = {Nov},
  publisher = {Elsevier {BV}},
  volume = {30},
  number = {13},
  pages = {1047--1051},
  author = {Deok-Soo Kim and Soon-Woong Lee and Hayong Shin},
  title = {{A cocktail algorithm for planar B{\'{e}}zier curve intersections}},
  journal = {Computer-Aided Design}
}
@techreport{Manocha:CSD-92-698,
  author = {Manocha, Dinesh and Demmel, James W.},
  title = {{Algorithms for Intersecting Parametric and Algebraic Curves}},
  institution = {EECS Department, University of California, Berkeley},
  year = {1992},
  month = {Aug},
  url = {https://www2.eecs.berkeley.edu/Pubs/TechRpts/1992/6266.html},
  number = {UCB/CSD-92-698},
}
@article{Sederberg1990,
  doi = {10.1016/0010-4485(90)90039-f},
  url = {https://dx.doi.org/10.1016/0010-4485(90)90039-F},
  year = {1990},
  month = {Nov},
  publisher = {Elsevier {BV}},
  volume = {22},
  number = {9},
  pages = {538--549},
  author = {T.W. Sederberg and T. Nishita},
  title = {{Curve intersection using B{\'{e}}zier clipping}},
  journal = {Computer-Aided Design}
}
@article{Sederberg1986,
  doi = {10.1016/s0010-4485(86)80013-6},
  url = {https://dx.doi.org/10.1016/S0010-4485(86)80013-6},
  year = {1986},
  month = {Jan},
  publisher = {Elsevier {BV}},
  volume = {18},
  number = {1},
  pages = {58--63},
  author = {Thomas W Sederberg and Scott R Parry},
  title = {{Comparison of three curve intersection algorithms}},
  journal = {Computer-Aided Design}
}
@book{Farin2001,
  Author = {Gerald Farin},
  Title = {{Curves and Surfaces for CAGD, Fifth Edition: A Practical Guide (The Morgan Kaufmann Series in Computer Graphics)}},
  Publisher = {Morgan Kaufmann},
  Year = {2001},
  ISBN = {1558607374},
  URL = {https://www.amazon.com/Curves-Surfaces-CAGD-Fifth-Practical/dp/1558607374}
}
@incollection{Herman2015,
  doi = {10.1007/978-3-319-24021-3_16},
  url = {https://doi.org/10.1007/978-3-319-24021-3_16},
  year = {2015},
  publisher = {Springer International Publishing},
  pages = {210--219},
  author = {Aaron Herman and Elias Tsigaridas},
  title = {Bounds for the Condition Number of Polynomials Systems with Integer Coefficients},
  booktitle = {Computer Algebra in Scientific Computing}
}
%% H/T to: https://tex.stackexchange.com/a/183473/32270
@misc{SederbergNotes,
  url = {http://tom.cs.byu.edu/~557/text/cagd.pdf},
  author = {Thomas W Sederberg},
  publisher = {Department of Computer Science, Brigham Young University},
  title = {Lecture notes: Computer Aided Geometric Design},
  year = {2016},
  month = {Sep}
}
@book{Farouki2008,
  Author = {Rida T Farouki},
  Title = {Pythagorean-Hodograph Curves: Algebra and Geometry Inseparable},
  Publisher = {Springer},
  Year = {2008},
  Month = {Feb},
  ISBN = {978-3540733980},
  URL = {https://www.amazon.com/dp/B00FC7KYVG}
}
